@book{CCSDS124,
  author =  {{C}onsultative {C}ommittee for {S}pace {D}ata {S}ystems},
  title =  {{Robust Compression of Fixed Length Housekeeping Data, CCSDS 124.0-B-1 (under development)}},
  month = aug,
  year = 2019,
  publisher =  {CCSDS},
}

@book{CCSDS121issue2,
  author =       "{{C}onsultative {C}ommittee for {S}pace {D}ata {S}ystems}",
  title =        {{L}ossless {D}ata {C}ompression. Recommendation for Space Data System Standards,  {CCSDS 121.0-B-2}},
  month =        {May},
  publisher     = "{CCSDS}",
  year          = {2012},
  howpublished  = {\url{https://public.ccsds.org/Pubs/121x0b2ec1.pdf}}
}

@misc{FSE,
	author = {Collet, Yann},
	title =  {{Finite State Entropy}},
	year = {2013},
	howpublished = "\url{http://github.com/Cyan4973/FiniteStateEntropy}"
}

@misc{Huff0,
	author = {Collet, Yann},
	title = {Huff0},
	year = {2013},
	howpublished = "\url{http://fastcompression.blogspot.de/p/huff0-range0-entropy-coders.html}"
}

@misc{LZ4,
	author = {Collet, Yann},
	title = {{LZ}4},
	year = {2011},
	howpublished = {\url{http://lz4.github.io/lz4}}
}

@misc{Szip,
    author = {Hierarchical Data Format Group},
    title = {{Szip Compression Software}},
    year = {2017},
    howpublished = {\url{https://support.hdfgroup.org/doc_resource/SZIP/}},
}

@INPROCEEDINGS{ANSDuda,
    author={J. {Duda} and K. {Tahboub} and N. J. {Gadgil} and E. J. {Delp}},
    booktitle={2015 Picture Coding Symposium (PCS)},
    title={The use of asymmetric numeral systems as an accurate replacement for Huffman coding},
    year={2015},
    pages={65-69},
    month={May}
}

@ARTICLE{Huffman52,
    author={D. A. {Huffman}},
    journal={Proceedings of the IRE},
    title={A Method for the Construction of Minimum-Redundancy Codes},
    year={1952},
    volume={40},
    number={9},
    pages={1098-1101},
    month={Sep.}
}

@ARTICLE{LZ77,
author={J. {Ziv} and A. {Lempel}},
journal={IEEE Transactions on Information Theory},
title={A universal algorithm for sequential data compression},
year={1977},
volume={23},
number={3},
pages={337-343},
keywords={Sequential coding;Source coding},
doi={10.1109/TIT.1977.1055714},
ISSN={0018-9448},
month={May},}


@misc{zlib,
    author = {Jean-loup Gailly and Mark Adler},
    title = {{zlib compression library v1.2.11}},
    year = {2017},
    howpublished = {\url{https://zlib.net}},
}

@Standard{jpegls,
  Title                    = {JPEG-LS},
  Organization             = {ISO/IEC},
  Number                   = {IS 14495-1, 14495-2},
  Year                     = {1998}
}

@ARTICLE{MagliCalic,
author={E. {Magli} and G. {Olmo} and E. {Quacchio}},
journal={IEEE Geoscience and Remote Sensing Letters},
title={Optimized onboard lossless and near-lossless compression of hyperspectral data using CALIC},
year={2004},
volume={1},
number={1},
pages={21-25},
keywords={data compression;remote sensing;image coding;optimized onboard lossless compression;near lossless compression;hyperspectral data;CALIC;context based adaptive lossless image coding;multiband spectral predictor;Airborne Visible/Infrared Imaging Spectrometer;AVIRIS;state-of-the-art compression algorithms;Hyperspectral imaging;Image coding;Compression algorithms;Hyperspectral sensors;Entropy;Infrared imaging;Infrared spectra;Spectroscopy;Satellite ground stations;Decorrelation},
doi={10.1109/LGRS.2003.822312},
ISSN={1545-598X},
month={Jan},}

@misc{zstd,
    author = {Facebook},
    title = {{Zstandard}},
    year = 2016,
    howpublished = {\url{http://facebook.github.io/zstd/}}
}

@INPROCEEDINGS{Frenkel16,
author={S. {Frenkel} and M. {Kopeetsky} and R. {Molotkovski}},
booktitle={2016 Second International Symposium on Stochastic Models in Reliability Engineering, Life Science and Operations Management (SMRLO)},
title={Lempel-Ziv-Welch Compression Algorithm with Exponential Decay},
year={2016},
volume={},
number={},
pages={616-619},
keywords={data compression;Huffman codes;Lempel-Ziv-Welch compression algorithm;exponential decay;LZW dictionary;compression ratio;least recently used;LRU-like LZW scheme;Huffman coding;Dictionaries;Heuristic algorithms;Indexes;Huffman coding;Compression algorithms;Stochastic processes;data compression;dictionary;exponential decay},
doi={10.1109/SMRLO.2016.108},
ISSN={},
month={Feb},}

@inproceedings{Guojun2013,
  title={Lossless data compression algorithm for satellite packet telemetry data},
  author={Guojun, Li and Jian, Shi and Running, Zhang},
  booktitle={Proceedings 2013 International Conference on Mechatronic Sciences, Electric Engineering and Computer (MEC)},
  pages={2756--2759},
  year={2013},
  organization={IEEE}
}

@ARTICLE{Shi2018,
author={X. {Shi} and Y. {Shen} and Y. {Wang} and L. {Bai}},
journal={IEEE Access},
title={Differential-Clustering Compression Algorithm for Real-Time Aerospace Telemetry Data},
year={2018},
volume={6},
pages={57425 - 57433},
month = {Oct}}


@ARTICLE{Sehgal2004,
author={A. {Sehgal} and A. {Jagmohan} and N. {Ahuja}},
journal={IEEE Transactions on Multimedia},
title={{Wyner-Ziv coding of video: an error-resilient compression framework}},
year={2004},
volume={6},
number={2},
pages={249-258},
month={April},}

@techreport{rfc5795,
   AUTHOR = {K. Sandlund et al.},
   TITLE = {{The RObust Header Compression (ROHC) Framework}},
   HOWPUBLISHED = {Internet Requests for Comments},
   TYPE="{RFC}",
   NUMBER=5225,
   PAGES = {1-124},
   YEAR = {2010},
   URL={https://datatracker.ietf.org/doc/rfc5795/}
}

@techreport{rfc5225,
   AUTHOR = {K. Sandlund et al.},
   TITLE = {{RObust Header Compression Version 2 (ROHCv2): Profiles for RTP, UDP, IP, ESP and UDP-Lite}},
   HOWPUBLISHED = {Internet Requests for Comments},
   TYPE="{RFC}",
   NUMBER=5225,
   PAGES = {1-124},
   YEAR = {2008},
   URL={https://datatracker.ietf.org/doc/rfc5225/}
}

@techreport{rfc2507,
   AUTHOR = {M. Degermark et al.},
   TITLE = {{IP Header Compression}},
   HOWPUBLISHED = {Internet Requests for Comments},
   TYPE="{RFC}",
   NUMBER=2507,
   PAGES = {1-47},
   YEAR = {1999},
   URL={https://datatracker.ietf.org/doc/rfc2507/}
}

https://datatracker.ietf.org/doc/rfc2507/

@inproceedings{Mess2017,
  title={Adaptive compression schemes for housekeeping data},
  author={Me{\ss}, Jan-Gerd and Schmidt, Robert and Fey, G{\"o}rschwin},
  booktitle={2017 IEEE Aerospace Conference},
  pages={1--12},
  year={2017},
  organization={IEEE}
}

@Book{Taubman02,
  Title                    = {{JPEG2000: Image compression fundamentals, standards and practice}},
  Author                   = {David S. Taubman and Michael W. Marcellin},
  Publisher                = {Kluwer Academic Publishers, Boston},
  Year                     = {2002}
}
